@article{Agrawal_2024,
	title        = {
		Quantifying the impact of lockdown measures on air pollution
		levels: A comparative study of Bhopal and Adelaide
	},
	author       = {
		Agrawal, Anjali and Kesharvani, Sujeet and Dwivedi, Gaurav and
		Choudhary, Tushar and Verma, Ritu and Verma, Puneet
	},
	year         = 2024,
	month        = jan,
	journal      = {Science of The Total Environment},
	publisher    = {Elsevier BV},
	volume       = 909,
	pages        = 168595,
	doi          = {10.1016/j.scitotenv.2023.168595},
	issn         = {0048-9697},
	url          = {http://dx.doi.org/10.1016/j.scitotenv.2023.168595}
}

@article{Bao2020,
	title        = {
		{Does lockdown reduce air pollution? Evidence from 44 cities in
		northern China.}
	},
	author       = {Bao, R and Zhang, A},
	year         = 2020,
	month        = {Aug},
	journal      = {Sci Total Environ},
	volume       = 731,
	number       = {},
	pages        = 139052,
	date         = {2020 Aug 20},
	source       = {Sci Total Environ},
	authors      = {Bao, R and Zhang, A},
	pubmed_id    = 32413655
}

@article{Berman_2020,
	title        = {{Changes in U.S. air pollution during the {COVID}-19 pandemic}},
	author       = {Jesse D. Berman and Keita Ebisu},
	year         = 2020,
	month        = {oct},
	journal      = {Science of The Total Environment},
	publisher    = {Elsevier {BV}},
	volume       = 739,
	pages        = 139864,
	doi          = {10.1016/j.scitotenv.2020.139864},
	url          = {https://doi.org/10.1016%2Fj.scitotenv.2020.139864}
}

@article{Gong_2022,
	title        = {
		Multi-scale analysis of the impacts of meteorology and emissions on
		PM2.5 and O3 trends at various regions in China from 2013 to 2020
		2. Key weather elements and emissions
	},
	author       = {
		Gong, Sunling and Zhang, Lei and Liu, Cheng and Lu, Shuhua and Pan,
		Weijun and Zhang, Yuanhang
	},
	year         = 2022,
	month        = jun,
	journal      = {Science of The Total Environment},
	publisher    = {Elsevier BV},
	volume       = 824,
	pages        = 153847,
	doi          = {10.1016/j.scitotenv.2022.153847},
	issn         = {0048-9697},
	url          = {http://dx.doi.org/10.1016/j.scitotenv.2022.153847}
}

@article{Shrestha_2022,
	title        = {
		Quantifying effects of meteorological parameters on air pollution
		in Kathmandu valley through regression models
	},
	author       = {Shrestha, Srijan Lal},
	year         = 2022,
	month        = aug,
	journal      = {Environmental Monitoring and Assessment},
	publisher    = {Springer Science and Business Media LLC},
	volume       = 194,
	number       = 10,
	doi          = {10.1007/s10661-022-10347-7},
	issn         = {1573-2959},
	url          = {http://dx.doi.org/10.1007/s10661-022-10347-7}
}

@article{He_2024,
	title        = {
		Air Pollution Interactions with Weather and Climate Extremes:
		Current Knowledge, Gaps, and Future Directions
	},
	author       = {
		He, Cenlin and Kumar, Rajesh and Tang, Wenfu and Pfister, Gabriele
		and Xu, Yangyang and Qian, Yun and Brasseur, Guy
	},
	year         = 2024,
	month        = feb,
	journal      = {Current Pollution Reports},
	publisher    = {Springer Science and Business Media LLC},
	doi          = {10.1007/s40726-024-00296-9},
	issn         = {2198-6592},
	url          = {http://dx.doi.org/10.1007/s40726-024-00296-9}
}

@article{Liu_2022,
	title        = {
		Quantify the role of anthropogenic emission and meteorology on air
		pollution using machine learning approach: A case study of PM2.5
		during the COVID-19 outbreak in Hubei Province, China
	},
	author       = {Liu, Hongwei and Yue, Fange and Xie, Zhouqing},
	year         = 2022,
	month        = may,
	journal      = {Environmental Pollution},
	publisher    = {Elsevier BV},
	volume       = 300,
	pages        = 118932,
	doi          = {10.1016/j.envpol.2022.118932},
	issn         = {0269-7491},
	url          = {http://dx.doi.org/10.1016/j.envpol.2022.118932}
}

@article{Shen_2021,
	title        = {
		Importance of meteorology in air pollution events during the city
		lockdown for COVID-19 in Hubei Province, Central China
	},
	author       = {
		Shen, Lijuan and Zhao, Tianliang and Wang, Honglei and Liu, Jane
		and Bai, Yongqing and Kong, Shaofei and Zheng, Huang and Zhu, Yan
		and Shu, Zhuozhi
	},
	year         = 2021,
	month        = feb,
	journal      = {Science of The Total Environment},
	publisher    = {Elsevier BV},
	volume       = 754,
	pages        = 142227,
	doi          = {10.1016/j.scitotenv.2020.142227},
	issn         = {0048-9697},
	url          = {http://dx.doi.org/10.1016/j.scitotenv.2020.142227}
}

@article{Wang_2020,
	title        = {
		Severe air pollution events not avoided by reduced anthropogenic
		activities during COVID-19 outbreak
	},
	author       = {
		Wang, Pengfei and Chen, Kaiyu and Zhu, Shengqiang and Wang, Peng
		and Zhang, Hongliang
	},
	year         = 2020,
	month        = jul,
	journal      = {Resources, Conservation and Recycling},
	publisher    = {Elsevier BV},
	volume       = 158,
	pages        = 104814,
	doi          = {10.1016/j.resconrec.2020.104814},
	issn         = {0921-3449},
	url          = {http://dx.doi.org/10.1016/j.resconrec.2020.104814}
}

@article{Conte_2023,
	title        = {
		Concentration and size distribution of atmospheric particles in
		southern Italy during COVID-19 lockdown period
	},
	author       = {
		Conte, Marianna and Dinoi, Adelaide and Grasso, Fabio Massimo and
		Merico, Eva and Guascito, Maria Rachele and Contini, Daniele
	},
	year         = 2023,
	month        = feb,
	journal      = {Atmospheric Environment},
	publisher    = {Elsevier BV},
	volume       = 295,
	pages        = 119559,
	doi          = {10.1016/j.atmosenv.2022.119559},
	issn         = {1352-2310},
	url          = {http://dx.doi.org/10.1016/j.atmosenv.2022.119559}
}

@article{Zhang_2017,
	title        = {
		Quantifying the relationship between extreme air pollution events
		and extreme weather events
	},
	author       = {Zhang, Henian and Wang, Yuhang and Park, Tae-Won and Deng, Yi},
	year         = 2017,
	month        = may,
	journal      = {Atmospheric Research},
	publisher    = {Elsevier BV},
	volume       = 188,
	pages        = {64–79},
	doi          = {10.1016/j.atmosres.2016.11.010},
	issn         = {0169-8095},
	url          = {http://dx.doi.org/10.1016/j.atmosres.2016.11.010}
}

@article{Otto_2020,
	title        = {
		Challenges to Understanding Extreme Weather Changes in Lower Income
		Countries
	},
	author       = {
		Otto, Friederike E. L. and Harrington, Luke and Schmitt, Katharina
		and Philip, Sjoukje and Kew, Sarah and van Oldenborgh, Geert Jan
		and Singh, Roop and Kimutai, Joyce and Wolski, Piotr
	},
	year         = 2020,
	month        = oct,
	journal      = {Bulletin of the American Meteorological Society},
	publisher    = {American Meteorological Society},
	volume       = 101,
	number       = 10,
	pages        = {E1851–E1860},
	doi          = {10.1175/bams-d-19-0317.1},
	issn         = {1520-0477},
	url          = {http://dx.doi.org/10.1175/BAMS-D-19-0317.1}
}

@article{Swain_2020,
	title        = {
		Attributing Extreme Events to Climate Change: A New Frontier in a
		Warming World
	},
	author       = {
		Swain, Daniel L. and Singh, Deepti and Touma, Danielle and
		Diffenbaugh, Noah S.
	},
	year         = 2020,
	month        = jun,
	journal      = {One Earth},
	publisher    = {Elsevier BV},
	volume       = 2,
	number       = 6,
	pages        = {522–527},
	doi          = {10.1016/j.oneear.2020.05.011},
	issn         = {2590-3322},
	url          = {http://dx.doi.org/10.1016/j.oneear.2020.05.011}
}

@article{Clarke_2022,
	title        = {
		Extreme weather impacts of climate change: an attribution
		perspective
	},
	author       = {
		Clarke, Ben and Otto, Friederike and Stuart-Smith, Rupert and
		Harrington, Luke
	},
	year         = 2022,
	month        = jun,
	journal      = {Environmental Research: Climate},
	publisher    = {IOP Publishing},
	volume       = 1,
	number       = 1,
	pages        = {012001},
	doi          = {10.1088/2752-5295/ac6e7d},
	issn         = {2752-5295},
	url          = {http://dx.doi.org/10.1088/2752-5295/ac6e7d}
}

@article{Ni_2023,
	title        = {
		Investigation of the impact mechanisms and patterns of
		meteorological factors on air quality and atmospheric pollutant
		concentrations during extreme weather events in Zhengzhou city,
		Henan Province
	},
	author       = {
		Ni, Jinmian and Zhao, Yue and Li, Bin and Liu, Jianhua and Zhou,
		Yinling and Zhang, Ping and Shao, Jin and Chen, Yanfei and Jin,
		Jiming and He, Chao
	},
	year         = 2023,
	month        = dec,
	journal      = {Atmospheric Pollution Research},
	publisher    = {Elsevier BV},
	volume       = 14,
	number       = 12,
	pages        = 101932,
	doi          = {10.1016/j.apr.2023.101932},
	issn         = {1309-1042},
	url          = {http://dx.doi.org/10.1016/j.apr.2023.101932}
}

@article{Cole_2020,
	title        = {
		The Impact of the Wuhan Covid-19 Lockdown on Air Pollution and
		Health: A Machine Learning and Augmented Synthetic Control Approach
	},
	author       = {Matthew A. Cole and Robert J R Elliott and Bowen Liu},
	year         = 2020,
	month        = {aug},
	journal      = {Environ Resource Econ},
	publisher    = {Springer Science and Business Media {LLC}},
	volume       = 76,
	number       = 4,
	pages        = {553--580},
	doi          = {10.1007/s10640-020-00483-4}
}

@article{Vu_2019,
	title        = {
		Assessing the impact of clean air action on air quality trends in
		Beijing using a machine learning technique
	},
	author       = {
		Tuan V. Vu and Zongbo Shi and Jing Cheng and Qiang Zhang and Kebin
		He and Shuxiao Wang and Roy M. Harrison
	},
	year         = 2019,
	month        = {sep},
	journal      = {Atmos. Chem. Phys.},
	publisher    = {Copernicus {GmbH}},
	volume       = 19,
	number       = 17,
	pages        = {11303--11314},
	doi          = {10.5194/acp-19-11303-2019}
}

@article{Breiman_2001,
	author       = {Leo Breiman},
	year         = 2001,
	journal      = {Machine Learning},
	publisher    = {Springer Science and Business Media {LLC}},
	volume       = 45,
	number       = 1,
	pages        = {5--32},
	doi          = {10.1023/a:1010933404324}
}

@article{Zongbo_2021,
	title        = {
		Abrupt but smaller than expected changes in surface air quality
		attributable to COVID-19 lockdowns
	},
	author       = {
		Zongbo Shi  and Congbo Song  and Bowen Liu  and Gongda Lu  and
		Jingsha Xu  and Tuan Van Vu  and Robert J. R. Elliott  and Weijun
		Li  and William J. Bloss  and Roy M. Harrison
	},
	year         = 2021,
	journal      = {Science Advances},
	volume       = 7,
	number       = 3,
	pages        = {eabd6696},
	doi          = {10.1126/sciadv.abd6696}
}

@article{Stuart_2019,
	title        = {
		Using meteorological normalisation to detect interventions in air
		quality time series
	},
	author       = {Stuart K. Grange and David C. Carslaw},
	year         = 2019,
	journal      = {Science of The Total Environment},
	volume       = 653,
	pages        = {578--588},
	doi          = {https://doi.org/10.1016/j.scitotenv.2018.10.344},
	issn         = {0048-9697},
	keywords     = {
		Air pollution, Data analysis, Management, Machine learning, Random
		forest
	}
}

@article{Lv_2022,
	title        = {
		Meteorology-normalized variations of air quality during the
		COVID-19 lockdown in three Chinese megacities
	},
	author       = {
		Yunqian Lv and Hezhong Tian and Lining Luo and Shuhan Liu and
		Xiaoxuan Bai and Hongyan Zhao and Shumin Lin and Shuang Zhao and
		Zhihui Guo and Yifei Xiao and Junqi Yang
	},
	year         = 2022,
	journal      = {Atmospheric Pollution Research},
	volume       = 13,
	number       = 6,
	pages        = 101452,
	doi          = {https://doi.org/10.1016/j.apr.2022.101452},
	issn         = {1309-1042},
	keywords     = {
		COVID-19, Air quality, Random forest model, Meteorological impacts,
		Road traffic, Emission control strategy
	}
}

@misc{tesla_2023,
	title        = {
		Elon Musk announces plan to build the world's largest Tesla plan t
		in Mexico
	},
	year         = 2023,
	url          = {
		https://www.gob.mx/sre/prensa/elon-musk-announces-plan-to-build-the-largest-tesla-plant-in-the-world-in-mexico
	},
	note         = {Accessed on Sat, Oct 7, 2023}
}

@article{Martinez-Cinco2016,
	title        = {
		{Source apportionment of PM2.5 for supporting control strategies in
		the Monterrey Metropolitan Area, Mexico.}
	},
	author       = {
		Marco Mart\'inez-Cinco and Jes\'us Santos-Guzm\'an and Gerardo
		Mej\'ia-Vel\'azquez
	},
	year         = 2016,
	month        = {Jun},
	journal      = {Journal of the Air \& Waste Management Association},
	volume       = 66,
	pages        = {{631--42},s},
	date         = {2016 Jun},
	source       = {Journal of the Air \& Waste Management Association},
	authors      = {
		Mart\'inez-Cinco, M and Santos-Guzm\'an, J and Mej\'ia-Vel\'azquez,
		G
	},
	pubmed_id    = 26950193
}

@article{Sokhi2021,
	title        = {
		{A global observational analysis to understand changes in air
		quality during exceptionally low anthropogenic emission
		conditions.}
	},
	author       = {
		Ranjeet S. Sokhi and Vikas Singh and Xavier Querol and Sandro
		Finardi and Admir Cr\'eso Targino and Maria de Fatima Andrade and
		Radenko Pavlovic and Rebecca M. Garland and Jordi Massagu\'e and
		Shaofei Kong and Alexander Baklanov and Lu Ren and Oksana Tarasova
		and Greg Carmichael and Vincent-Henri Peuch and Vrinda Anand and
		Graciela Arbilla and Kaitlin Badali and Gufran Beig and Luis Carlos
		Belalcazar and Andrea Bolignano and Peter Brimblecombe and Patricia
		Camacho and Alejandro Casallas and Jean-Pierre Charland and Jason
		Choi and Eleftherios Chourdakis and Isabelle Coll and Marty Collins
		and Josef Cyrys and Cleyton Martins {da Silva} and Alessandro
		Domenico {Di Giosa} and Anna {Di Leo} and Camilo Ferro and Mario
		Gavidia-Calderon and Amiya Gayen and Alexander Ginzburg and Fabrice
		Godefroy and Yuri Alexandra Gonzalez and Marco Guevara-Luna and Sk.
		Mafizul Haque and Henno Havenga and Dennis Herod and Urmas Hõrrak
		and Tareq Hussein and Sergio Ibarra and Monica Jaimes and Marko
		Kaasik and Ravindra Khaiwal and Jhoon Kim and Anu Kousa and Jaakko
		Kukkonen and Markku Kulmala and Joel Kuula and Nathalie {La
		Violette} and Guido Lanzani and Xi Liu and Stephanie MacDougall and
		Patrick M. Manseau and Giada Marchegiani and Brian McDonald and
		Swasti Vardhan Mishra and Luisa T. Molina and Dennis Mooibroek and
		Suman Mor and Nicolas Moussiopoulos and Fabio Murena and Jarkko V.
		Niemi and Steffen Noe and Thiago Nogueira and Michael Norman and
		Juan Luis P\'erez-Camaño and Tuukka Petäjä and Stuart Piketh and
		Aditi Rathod and Ken Reid and Armando Retama and Olivia Rivera and
		N\'estor Y. Rojas and Jhojan P. Rojas-Quincho and Roberto {San
		Jos\'e} and Od'on S\'anchez and Rodrigo J. Seguel and Salla
		Sillanpää and Yushan Su and Nigel Tapper and Antonio Terrazas and
		Hilkka Timonen and Domenico Toscano and George Tsegas and Guus J.M.
		Velders and Christos Vlachokostas and Erika {von Schneidemesser}
		and Rajasree VPM and Ravi Yadav and Rasa Zalakeviciute and Miguel
		Zavala
	},
	year         = 2021,
	journal      = {Environment International},
	volume       = 157,
	pages        = 106818,
	doi          = {https://doi.org/10.1016/j.envint.2021.106818},
	issn         = {0160-4120}
}

@article{Han_2022,
	title        = {{Environment and {COVID}-19 incidence: A critical review}},
	author       = {
		Jiatong Han and Jie Yin and Xiaoxu Wu and Danyang Wang and Chenlu
		Li
	},
	year         = 2022,
	month        = {feb},
	journal      = {Journal of Environmental Sciences},
	publisher    = {Elsevier {BV}},
	doi          = {10.1016/j.jes.2022.02.016}
}

@article{Saha_2022,
	title        = {
		{The impact of the {COVID}-19 lockdown on global air quality: A
		review}
	},
	author       = {
		Lala Saha and Amit Kumar and Sanjeev Kumar and John Korstad and
		Sudhakar Srivastava and Kuldeep Bauddh
	},
	year         = 2022,
	month        = {feb},
	journal      = {Environmental Sustainability},
	publisher    = {Springer Science and Business Media {LLC}},
	doi          = {10.1007/s42398-021-00213-6}
}

@article{Kumari_2020,
	title        = {
		{Impact of lockdown on air quality over major cities across the
		globe during {COVID}-19 pandemic}
	},
	author       = {Pratima Kumari and Durga Toshniwal},
	year         = 2020,
	month        = {dec},
	journal      = {Urban Climate},
	publisher    = {Elsevier {BV}},
	volume       = 34,
	pages        = 100719,
	doi          = {10.1016/j.uclim.2020.100719}
}

@article{Chauhan_2020,
	title        = {
		{Decline in PM\textsubscript{2.5} concentrations over major cities
		around the world associated with COVID-19}
	},
	author       = {Akshansha Chauhan and Ramesh P. Singh},
	year         = 2020,
	month        = {aug},
	journal      = {Environmental Research},
	publisher    = {Elsevier {BV}},
	volume       = 187,
	pages        = 109634,
	doi          = {10.1016/j.envres.2020.109634}
}

@article{Bauwens2020,
	title        = {
		{Impact of coronavirus outbreak on NO2 pollution assessed using
		TROPOMI and OMI observations.}
	},
	author       = {
		M Bauwens and S Compernolle and T Stavrakou and J-F Müller and J
		van Gent and H Eskes and P F Levelt and R van der A and J P
		Veefkind and J Vlietinck and H Yu and C Zehner
	},
	year         = 2020,
	month        = {May},
	journal      = {Geophysical Research Letters},
	pages        = {e2020GL087978},
	doi          = {10.1029/2020GL087978},
	date         = {2020 May 8},
	source       = {Geophys Res Lett},
	authors      = {
		M Bauwens and S Compernolle and T Stavrakou and J-F Müller and J
		van Gent and H Eskes and P F Levelt and R van der A and J P
		Veefkind and J Vlietinck and H Yu and C Zehner
	},
	pubmed_id    = 32836515
}

@article{organization2021,
	title        = {
		{Global air quality guidelines: Particulate matter (PM2.5 and
		PM10), ozone, nitrogen dioxide, sulfur dioxide and carbon monoxide}
	},
	author       = {WHO},
	year         = 2021,
	url          = {https://apps.who.int/iris/handle/10665/345329}
}

@manual{20152018,
	title        = {
		Monterrey, Nuevo Le\'on is one of the most attractive regions to
		invest and do business in North America.
	},
	author       = {Secretary of Economy of the State Government of Nuevo Leon},
	year         = 2022,
	booktitle    = {State Government of Nuevo Leon},
	url          = {
		https://www.nl.gob.mx/sites/default/files/nuevo_leon_2s2022_para_pdf_sept_22_1.pdf
	}
}

@article{Gonz_lez_Santiago_2011,
	title        = {
		Temporal Analysis of PM\textsubscript{10} in Metropolitan Monterrey
		M\'exico
	},
	author       = {
		Omar Gonz\'alez-Santiago and Christian T. Badillo-Castañeda and
		Jonathan D.W. Kahl and Evangelina Ram\'irez-Lara and Isa\'ias
		Balderas-Renteria
	},
	year         = 2011,
	month        = {may},
	journal      = {Journal of the Air \& Waste Management Association},
	publisher    = {Informa {UK} Limited},
	volume       = 61,
	number       = 5,
	pages        = {573--579},
	doi          = {10.3155/1047-3289.61.5.573}
}

@misc{cmm2019,
	title        = {
		{PROYECTO: “Propuestas para el desarrollo sustentable de una ciudad
		mexicana” Estudio del \'Area Metropolitana de Monterrey.}
	},
	author       = {CMM},
	year         = 2019,
	url          = {
		http://aire.nl.gob.mx/docs/reportes/Propuestas_de_sustentabilidad_Monterrey.pdf
	},
	school       = {
		Centro Mario Molina para Estudios Estrat\'egicos sobre Energ\'ia y
		Medio Ambiente A.C.
	}
}

@misc{state,
	title        = {{Official Publications about COVID 19}},
	author       = {{Official Journal of the Nuevo Le\'on State}},
	year         = 2020,
	url          = {https://saludnl.gob.mx/regulacion-sanitaria/index.php/acuerdos/}
}

@misc{conacyt,
	title        = {{\'indice de Movilidad | CONACYT}},
	year         = 2022,
	journal      = {
		https://salud.conacyt.mx/coronavirus/investigacion/proyectos/movilidad.html
	},
	url          = {https://salud.conacyt.mx/coronavirus/investigacion/},
	note         = {Accessed on Wed, December 14, 2022},
	description  = {
		Los productos de investigaci\'on y modelado de datos son el
		resultado de un esfuerzo colaborativo, coordinado por el Conacyt,
		en el que participaron diversos miembros de la comunidad
		cient\'ifica que laboran en las siguientes instituciones
		p\'ublicas: CIMAT, Instituto de Matem\'aticas (UNAM), INFOTEC,
		CentroGeo, CONABIO e INEGI.
	}
}

@article{Martinez_2012,
	title        = {
		Chemical characterization and factor analysis of
		PM\textsubscript{2.5} in two sites of Monterrey Mexico
	},
	author       = {
		Marco A. Martinez and Porfirio Caballero and Olivia Carrillo and
		Alberto Mendoza and Gerardo Manuel Mejia
	},
	year         = 2012,
	month        = {may},
	journal      = {Journal of the Air \& Waste Management Association},
	publisher    = {Informa {UK} Limited},
	volume       = 62,
	number       = 7,
	pages        = {817--827},
	doi          = {10.1080/10962247.2012.681421}
}

@article{Riojas-Rodriguez2016,
	title        = {
		{Air pollution management and control in Latin America and the
		Caribbean: implications for climate change.}
	},
	author       = {
		Horacio Riojas-Rodr\'iguez and Agnes Soares da Silva and Jos\'e
		Luis Texcalac-Sangrador and Grea Litai Moreno-Banda
	},
	year         = 2016,
	month        = {Sep},
	journal      = {Pan American Journal of Public Health},
	volume       = 40,
	pages        = {150--159},
	date         = {2016 Sep},
	source       = {Rev Panam Salud Publica},
	authors      = {
		Riojas-Rodr\'iguez, H and da, Silva AS and Texcalac-Sangrador, JL
		and Moreno-Banda, GL
	},
	pubmed_id    = 27991972
}

@article{Mancilla_2019,
	title        = {
		{Spatial differences in ambient coarse and fine particles in the
		Monterrey metropolitan area Mexico: Implications for source
		contribution}
	},
	author       = {Y. Mancilla and I.Y. Hernandez Paniagua and A. Mendoza},
	year         = 2019,
	month        = {jan},
	journal      = {Journal of the Air \& Waste Management Association},
	publisher    = {Informa {UK} Limited},
	volume       = 69,
	number       = 5,
	pages        = {548--564},
	doi          = {10.1080/10962247.2018.1549121}
}

@article{Menchaca_Torre_2015,
	title        = {
		{Diurnal and seasonal variation of volatile organic compounds in
		the atmosphere of Monterrey Mexico}
	},
	author       = {
		H. Lizette Menchaca-Torre and Roberto Mercado-Hern{\'{a}}ndez and
		Alberto Mendoza-Dom{\'{\i}}nguez
	},
	year         = 2015,
	month        = {nov},
	journal      = {Atmospheric Pollution Research},
	publisher    = {Elsevier {BV}},
	volume       = 6,
	number       = 6,
	pages        = {1073--1081},
	doi          = {10.1016/j.apr.2015.06.004}
}

@article{Aguirre_L_pez_2022,
	title        = {
		{Statistical Analysis of {PM}10 Concentration in the Monterrey
		Metropolitan Area Mexico (2010-2018)}
	},
	author       = {
		Mario A. Aguirre-L{\'{o}}pez and Miguel Angel
		Rodr{\'{\i}}guez-Gonz{\'{a}}lez and Roberto Soto-Villalobos and
		Laura Elena G{\'{o}}mez-S{\'{a}}nchez and {\'{A}}ngela Gabriela
		Benavides-R{\'{\i}}os and Francisco Gerardo Benavides-Bravo and
		Otoniel Walle-Garc{\'{\i}}a and Mar{\'{\i}}a Gricelda
		Paman{\'{e}}s-Aguilar
	},
	year         = 2022,
	month        = {feb},
	journal      = {Atmosphere},
	publisher    = {{MDPI} {AG}},
	volume       = 13,
	number       = 2,
	pages        = 297,
	doi          = {10.3390/atmos13020297}
}

@article{Graff_2022,
	title        = {
		{A Python library for exploratory data analysis on twitter data
		based on tokens and aggregated origin-destination information}
	},
	author       = {
		Mario Graff and Daniela Moctezuma and Sabino Miranda-Jim{\'{e}}nez
		and Eric S. Tellez
	},
	year         = 2022,
	month        = {feb},
	journal      = {Computers \& Geosciences},
	publisher    = {Elsevier {BV}},
	volume       = 159,
	pages        = 105012,
	doi          = {10.1016/j.cageo.2021.105012}
}

@article{j2012,
	title        = {
		{Measurement of Carbonyls and its relation with Criteria Pollutants
		(O3 , NO, NO2, NOx, CO and SO2) in an Urban Site within the
		Metropolitan Area of Monterrey, in Nuevo Le\'on, M\'exico}
	},
	author       = {
		Facundo-Torres D.M. and Ram\'irez-Lara E. and  Cer\'on-Bret\'on
		J.G. and Cer\'on-Bret\'on R.M. and Gracia-V\'asquez Y. and
		Miranda-Guardiola R. and Rivera De La Rosa J.
	},
	year         = 2012,
	journal      = {International Journal of Energy and Environment},
	volume       = 6
}

@article{Hern_ndez_Paniagua_2017,
	title        = {
		Observed trends in ground-level O3 in Monterrey, Mexico, during
		1993--2014: comparison with Mexico City and Guadalajara
	},
	author       = {I. Y. Hern\'andez Paniagua and , K. C. Clemitshaw and A. Mendoza},
	year         = 2017,
	journal      = {Atmospheric Chemistry and Physics},
	volume       = 17,
	number       = 14,
	pages        = {9163--9185},
	doi          = {10.5194/acp-17-9163-2017}
}

@article{Menchaca_Torre_2015a,
	title        = {
		{Diurnal and seasonal variations of carbonyls and their effect on
		ozone concentrations in the atmosphere of Monterrey Mexico}
	},
	author       = {
		H. Lizette Menchaca-Torre and Roberto Mercado-Hern{\'{a}}ndez and
		Jos{\'{e}} Rodr{\'{\i}}guez-Rodr{\'{\i}}guez and Alberto
		Mendoza-Dom{\'{\i}}nguez
	},
	year         = 2015,
	month        = {jan},
	journal      = {Journal of the Air \& Waste Management Association},
	publisher    = {Informa {UK} Limited},
	volume       = 65,
	number       = 4,
	pages        = {500--510},
	doi          = {10.1080/10962247.2015.1005849}
}

@misc{len,
	title        = {
		{Instituto de Control Vehicular-Gobierno del Estado de Nuevo
		Le\'on}
	},
	year         = 2022,
	url          = {
		https://www.nl.gob.mx/boletines-comunicados-y-avisos/anuncia-instituto-de-control-vehicular-baja-de-automoviles-con-placas
	},
	note         = {Accessed on Thu, January 19, 2023},
	description  = {
		A partir de este 13 de julio y hasta el pr'oximo 30 de noviembre el
		Instituto de Control Vehicular pondr\'a en marcha un programa para
		actualizar el padr'on vehicular mediante la depuraci\'on de placas
		de circulaci\'on expedidas durante la administraci\'on estatal 2009
		- 2015. En rueda de prensa El Nuevo Le\'on Informa, Rub\'en
		Zaragoza Buelna, director general del organismo, indic'o que
	}
}

@article{Tello_Leal_2021,
	title        = {
		{Association of environmental and meteorological factors on the
		spread of {COVID}-19 in Victoria Mexico, and air quality during the
		lockdown}
	},
	author       = {
		Edgar Tello-Leal and B{\'{a}}rbara A. Mac{\'{\i}}as-Hern{\'{a}}ndez
	},
	year         = 2021,
	month        = {may},
	journal      = {Environmental Research},
	publisher    = {Elsevier {BV}},
	volume       = 196,
	pages        = 110442,
	doi          = {10.1016/j.envres.2020.110442}
}

@article{Hernandez-Paniagua2021,
	title        = {
		Impact of the COVID-19 Lockdown on Air Quality and Resulting Public
		Health Benefits in the Mexico City Metropolitan Area
	},
	author       = {
		Hern\'andez-Paniagua, Iv\'an Y. and Valdez, S. Ivvan and Almanza,
		Victor and Rivera-C\'ardenas, Claudia and Grutter, Michel and
		Stremme, Wolfgang and Garc\'ia-Reynoso, Agust\'in and
		Ruiz-Su\'arez, Luis Gerardo
	},
	year         = 2021,
	journal      = {Frontiers in Public Health},
	volume       = 9,
	pages        = 642630,
	doi          = {10.3389/fpubh.2021.642630},
	issn         = {2296-2565},
	pubmed_id    = 33842423
}

@article{Liu2020,
	title        = {
		{Exploring the relationship between air pollution and
		meteorological conditions in China under environmental governance.}
	},
	author       = {Yansui Liu and Yang Zhou and Jiaxin Lu},
	year         = 2020,
	month        = {Sep},
	journal      = {Scientific Reports},
	volume       = 10,
	pages        = 14518,
	doi          = {https://doi.org/10.1038/s41598-020-71338-7},
	date         = {2020 Sep 3},
	source       = {Sci Rep},
	authors      = {Liu, Y and Zhou, Y and Lu, J},
	pubmed_id    = 32883992
}

@techreport{inegi2021b,
	title        = {
		{Censo de Poblaci\'on y Vivienda 2020 (Cuestionario B\'asico y
		Cuestionario Ampliado)}
	},
	author       = {INEGI},
	year         = 2021,
	school       = {Instituto Nacional de Estad\'istica y Geograf\'ia - M\'exico}
}

@article{Schroeder_2014,
	title        = {
		{The New {VIIRS} 375 m active fire detection data product:
		Algorithm description and initial assessment}
	},
	author       = {
		Wilfrid Schroeder and Patricia Oliva and Louis Giglio and Ivan A.
		Csiszar
	},
	year         = 2014,
	month        = {mar},
	journal      = {Remote Sensing of Environment},
	publisher    = {Elsevier {BV}},
	volume       = 143,
	pages        = {85--96},
	doi          = {10.1016/j.rse.2013.12.008}
}

@misc{earthdata,
	title        = {{VJ114IMGTDL\_NRT Earthdata}},
	year         = 2021,
	doi          = {doi:10.5067/FIRMS/VIIRS/VNP14IMGT_NRT.002},
	note         = {Accessed on Wed, January 25, 2023},
	description  = {
		Data Set Landing Page for VIIRS (NOAA-20/JPSS-1) I Band 375 m
		Active Fire locations NRT (Vector data) distributed by LANCE FIRMS
	}
}

@misc{covid-19a,
	title        = {
		{Presidential decree to establish measures to mitigate and control
		health risks involved in the disease caused by the SARS-CoV2 virus
		(COVID-19)}
	},
	author       = {{Secretar\'ia de Gobernaci\'on}},
	year         = 2020,
	url          = {
		https://dof.gob.mx/nota_detalle.php?codigo=5590340&fecha=24/03/2020#gsc.tab=0
	}
}

@misc{covid19mex,
	title        = {{COVID-19 M\'exico}},
	year         = 2023,
	url          = {https://datos.covid-19.conacyt.mx/#COMNac},
	note         = {Accessed on Mon, January 30, 2023},
	description  = {Datos de COVID-19 en M\'exico}
}

@misc{mxico,
	title        = {
		{Monterrey: Econom\'ia, empleo, equidad, calidad de vida,
		educaci\'on, salud y seguridad p\'ublica | Data M\'exico}
	},
	year         = 2023,
	url          = {https://datamexico.org/es/profile/geo/monterrey},
	note         = {Accessed on Mon, January 30, 2023},
	description  = {
		Explore las estad\'isticas sobre econom\'ia, empleo, equidad,
		calidad de vida, educaci\'on, salud y seguridad p\'ublica en
		Monterrey
	}
}

@article{Doss_Gollin_2021,
	title        = {{How unprecedented was the February 2021 Texas cold snap?}},
	author       = {
		James Doss-Gollin and David J Farnham and Upmanu Lall and Vijay
		Modi
	},
	year         = 2021,
	month        = {jun},
	journal      = {Environmental Research Letters},
	publisher    = {{IOP} Publishing},
	volume       = 16,
	number       = 6,
	pages        = {064056},
	doi          = {10.1088/1748-9326/ac0278}
}

@misc{years,
	title        = {{U.S. had its coldest February in more than 30 years}},
	year         = 2021,
	url          = {
		https://www.noaa.gov/news/us-had-its-coldest-february-in-more-than-30-years
	},
	note         = {Accessed on Thu, February 02, 2023},
	description  = {Record-breaking deep freeze engulfed much of Texas}
}

@article{Mendoza_2005,
	title        = {
		{Trace Gases and Particulate Matter Emissions from Wildfires and
		Agricultural Burning in Northeastern Mexico during the 2000 Fire
		Season}
	},
	author       = {
		Alberto Mendoza and Marisa R. Garcia and Patricia Vela and D.
		Fabian Lozano and David Allen
	},
	year         = 2005,
	month        = {dec},
	journal      = {Journal of the Air \& Waste Management Association},
	publisher    = {Informa {UK} Limited},
	volume       = 55,
	number       = 12,
	pages        = {1797--1808},
	doi          = {10.1080/10473289.2005.10464778}
}

@article{Euphrasie_Clotilde_2020,
	title        = {
		Assessment of a new detection threshold for PM\textsubscript{10}
		concentrations linked to African dust events in the Caribbean Basin
	},
	author       = {
		Lovely Euphrasie-Clotilde and Thomas Plocoste and Tony Feuillard
		and Cristian Velasco-Merino and David Mateos and Carlos Toledano
		and France-Nor Brute and C\'eline Bassette and Marieline Gobinddass
	},
	year         = 2020,
	month        = {mar},
	journal      = {Atmospheric Environment},
	publisher    = {Elsevier {BV}},
	volume       = 224,
	pages        = 117354,
	doi          = {10.1016/j.atmosenv.2020.117354}
}

@misc{yucatn,
	title        = {
		{Prev\'en evento de Norte con rachas mayores a 70 km/h y oleaje de
		2 a 4 m en costas de Campeche, Tabasco, Tamaulipas, Veracruz y
		Yucat\'an}
	},
	year         = 2020,
	url          = {
		http://www.gob.mx/smn/prensa/preven-evento-de-norte-con-rachas-mayores-a-70-km-h-y-oleaje-de-2-a-4-m-en-costas-de-campeche-tabasco-tamaulipas-veracruz-y-yucatan-234066?idiom=es
	},
	note         = {Accessed on Sat, February 04, 2023},
	howpublished = {Servicio Meteorol\'ogico Nacional},
	description  = {
		Durante la mañana, se estiman temperaturas de -10 a 5 grados
		Celsius con heladas en sierras de 15 entidades de M\'exico.
	}
}

@article{Gonz_lez_2018,
	title        = {
		{Seasonal variation and chemical composition of particulate matter:
		A study by {XPS} {ICP}-{AES} and sequential microanalysis using
		Raman with {SEM}/{EDS}}
	},
	author       = {
		Lucy T. Gonz{\'{a}}lez and Francisco E. Longoria-Rodr{\'{\i}}guez
		and Margarita S{\'{a}}nchez-Dom{\'{\i}}nguez and Cesar Leyva-Porras
		and Karim Acuña-Askar and Boris I. Kharissov and Alejandro
		Arizpe-Zapata and Juan M. Alfaro-Barbosa
	},
	year         = 2018,
	month        = {dec},
	journal      = {Journal of Environmental Sciences},
	publisher    = {Elsevier {BV}},
	volume       = 74,
	pages        = {32--49},
	doi          = {10.1016/j.jes.2018.02.002}
}

@article{Peralta_2019,
	title        = {{Atmospheric black carbon concentrations in Mexico}},
	author       = {
		Oscar Peralta and Abraham Ort{\'{\i}}nez-Alvarez and Roberto
		Basaldud and Naxieli Santiago and Harry Alvarez-Ospina and Karen de
		la Cruz and Valter Barrera and Mar{\'{\i}}a de la Luz Espinosa and
		Isabel Saavedra and Telma Castro and Amparo Mart{\'{\i}}nez-Arroyo
		and V{\'{\i}}ctor H. P{\'{a}}ramo and Luis G.
		Ru{\'{\i}}z-Su{\'{a}}rez and Felipe A. Vazquez-Galvez and Arturo
		Gavil{\'{a}}n
	},
	year         = 2019,
	month        = {dec},
	journal      = {Atmospheric Research},
	publisher    = {Elsevier {BV}},
	volume       = 230,
	pages        = 104626,
	doi          = {10.1016/j.atmosres.2019.104626}
}

@article{Kang_2019,
	title        = {
		{Potential impacts of cold frontal passage on air quality over the
		Yangtze River Delta China}
	},
	author       = {
		Hanqing Kang and Bin Zhu and Jinhui Gao and Yao He and Honglei Wang
		and Jifeng Su and Chen Pan and Tong Zhu and Bu Yu
	},
	year         = 2019,
	month        = {mar},
	journal      = {Atmospheric Chemistry and Physics},
	publisher    = {Copernicus {GmbH}},
	volume       = 19,
	number       = 6,
	pages        = {3673--3685},
	doi          = {10.5194/acp-19-3673-2019}
}

@article{Ipi_a_2021,
	title        = {
		{Ultraviolet Radiation Environment of a Tropical Megacity in
		Transition: Mexico City 2000-2019}
	},
	author       = {
		Adriana Ipiña and Gamaliel L{\'{o}}pez-Padilla and Armando Retama
		and Rub{\'{e}}n D. Piacentini and Sasha Madronich
	},
	year         = 2021,
	month        = {aug},
	journal      = {Environmental Science {\&} Technology},
	publisher    = {American Chemical Society ({ACS})},
	volume       = 55,
	number       = 16,
	pages        = {10946--10956},
	doi          = {10.1021/acs.est.0c08515}
}

@misc{quality,
	title        = {{Monterrey | Air Quality}},
	year         = 2021,
	url          = {
		https://airquality.gsfc.nasa.gov/no2/world/south-and-central-america/monterrey
	},
	note         = {Accessed on Wed, March 01, 2023}
}

@article{Lamsal_2020,
	title        = {
		{{OMI}/Aura Nitrogen Dioxide Standard Product with Improved Surface
		and Cloud Treatments}
	},
	author       = {
		Lok N. Lamsal and Nickolay A. Krotkov and Alexander Vasilkov and
		Sergey Marchenko and Wenhan Qin and Eun-Su Yang and Zachary
		Fasnacht and Joanna Joiner and Sungyeon Choi and David Haffner and
		William H. Swartz and Bradford Fisher and Eric Bucsela
	},
	year         = 2021,
	journal      = {Atmospheric Measurement Techniques},
	volume       = 14,
	number       = 1,
	pages        = {455--479},
	doi          = {10.5194/amt-2020-200}
}

@article{Bozlaker_2013,
	title        = {
		{Quantifying the Contribution of Long-Range Saharan Dust Transport
		on Particulate Matter Concentrations in Houston Texas, Using
		Detailed Elemental Analysis}
	},
	author       = {
		Ayse Bozlaker and Joseph M. Prospero and Matthew P. Fraser and
		Shankararaman Chellam
	},
	year         = 2013,
	month        = {sep},
	journal      = {Environmental Science \& Technology},
	publisher    = {American Chemical Society ({ACS})},
	pages        = 130909083424001,
	doi          = {10.1021/es4015663}
}

@article{Lenes_2012,
	title        = {
		{A model of Saharan dust deposition to the eastern Gulf of Mexico}
	},
	author       = {
		J.M. Lenes and J.M. Prospero and W.M. Landing and J.I. Virmani and
		J.J. Walsh
	},
	year         = 2012,
	journal      = {Marine Chemistry},
	volume       = {134-135},
	pages        = {1--9},
	doi          = {https://doi.org/10.1016/j.marchem.2012.02.007},
	issn         = {0304-4203}
}

@article{Prospero_2014,
	title        = {
		{Characterizing the annual cycle of African dust transport to the
		Caribbean Basin and South America and its impact on the environment
		and air quality}
	},
	author       = {
		Joseph M. Prospero and Fran{\c{c}}ois-Xavier Collard and Jack
		Molini{\'{e}} and Alexis Jeannot
	},
	year         = 2014,
	month        = {jul},
	journal      = {Global Biogeochemical Cycles},
	publisher    = {American Geophysical Union ({AGU})},
	volume       = 28,
	number       = 7,
	pages        = {757--773},
	doi          = {10.1002/2013gb004802}
}

@article{Yokelson_2007,
	title        = {{Emissions from forest fires near Mexico City}},
	author       = {
		R. J. Yokelson and S. P. Urbanski and E. L. Atlas and D. W. Toohey
		and E. C. Alvarado and J. D. Crounse and P. O. Wennberg and M. E.
		Fisher and C. E. Wold and T. L. Campos and K. Adachi and P. R.
		Buseck and W. M. Hao
	},
	year         = 2007,
	month        = {nov},
	journal      = {Atmospheric Chemistry and Physics},
	publisher    = {Copernicus {GmbH}},
	volume       = 7,
	number       = 21,
	pages        = {5569--5584},
	doi          = {10.5194/acp-7-5569-2007}
}

@article{Yassin_2018,
	title        = {
		{Dust storms backward Trajectories' and source identification over
		Kuwait}
	},
	author       = {Mohamed F. Yassin and Sarah K. Almutairi and Ali Al-Hemoud},
	year         = 2018,
	month        = {nov},
	journal      = {Atmospheric Research},
	publisher    = {Elsevier {BV}},
	volume       = 212,
	pages        = {158--171},
	doi          = {10.1016/j.atmosres.2018.05.020}
}

@article{Bera_2022,
	title        = {
		{Variation and dispersal of {PM}10 and {PM}2.5 during {COVID}-19
		lockdown over Kolkata metropolitan city India investigated through
		{HYSPLIT} model}
	},
	author       = {
		Biswajit Bera and Sumana Bhattacharjee and Nairita Sengupta and
		Soumik Saha
	},
	year         = 2022,
	month        = {jan},
	journal      = {Geoscience Frontiers},
	publisher    = {Elsevier {BV}},
	volume       = 13,
	number       = 1,
	pages        = 101291,
	doi          = {10.1016/j.gsf.2021.101291}
}

@article{Bontempi_2022,
	title        = {
		{Analysis of the lockdown effects due to the {COVID}-19 on air
		pollution in Brescia (Lombardy)}
	},
	author       = {
		Elza Bontempi and Claudio Carnevale and Antonella Cornelio and
		Marialuisa Volta and Alessandra Zanoletti
	},
	year         = 2022,
	month        = {sep},
	journal      = {Environmental Research},
	publisher    = {Elsevier {BV}},
	volume       = 212,
	pages        = 113193,
	doi          = {10.1016/j.envres.2022.113193}
}

@article{Clemente_2022,
	title        = {
		{Changes in the concentration and composition of urban aerosols
		during the {COVID}-19 lockdown}
	},
	author       = {
		{\'Alvaro Clemente and Eduardo Yubero and Jose F. Nicol{\'{a}}s and
		Sandra Caballero and Javier Crespo and Nuria Galindo}
	},
	year         = 2022,
	month        = {jan},
	journal      = {Environmental Research},
	publisher    = {Elsevier {BV}},
	volume       = 203,
	pages        = 111788,
	doi          = {10.1016/j.envres.2021.111788}
}

@article{Dantas_2020,
	title        = {
		{The impact of {COVID}-19 partial lockdown on the air quality of
		the city of Rio de Janeiro Brazil}
	},
	author       = {
		Guilherme Dantas and Bruno Siciliano and Bruno Boscaro França and
		Cleyton M. da Silva and Graciela Arbilla
	},
	year         = 2020,
	month        = {aug},
	journal      = {Science of The Total Environment},
	publisher    = {Elsevier {BV}},
	volume       = 729,
	pages        = 139085,
	doi          = {10.1016/j.scitotenv.2020.139085}
}

@article{Spohn_2021,
	title        = {Effect of {COVID}-19 lockdown on regional pollution in Ireland},
	author       = {
		Teresa K. Spohn and Damien Martin and Michael Geever and Colin
		O'Dowd
	},
	year         = 2021,
	month        = {sep},
	journal      = {Air Quality Atmosphere \& Health},
	publisher    = {Springer Science and Business Media {LLC}},
	volume       = 15,
	number       = 2,
	pages        = {221--234},
	doi          = {10.1007/s11869-021-01098-4}
}

@article{stefano2021,
	title        = {{2020 Atlantic hurricane season: a record-breaking season}},
	author       = {
		Pamela Probst and Alessandro Annunziato and Chiara Proietti,
		Stefano Paris
	},
	year         = 2021,
	journal      = {Joint Research Centre (European Commission)},
	doi          = {10.2760/00114, JRC123923}
}

@article{Beven_2021,
	title        = {
		{The 2020 Atlantic Hurricane Season: The Most Active Season on
		Record}
	},
	author       = {John L. Beven},
	year         = 2021,
	month        = {sep},
	journal      = {Weatherwise},
	publisher    = {Informa {UK} Limited},
	volume       = 74,
	number       = 5,
	pages        = {33--43},
	doi          = {10.1080/00431672.2021.1953905}
}

@article{Francis_2020,
	title        = {
		{The Atmospheric Drivers of the Major Saharan Dust Storm in June
		2020}
	},
	author       = {
		Diana Francis and Ricardo Fonseca and Narendra Nelli and Juan
		Cuesta and Michael Weston and Amato Evan and Marouane Temimi
	},
	year         = 2020,
	month        = {dec},
	journal      = {Geophysical Research Letters},
	publisher    = {American Geophysical Union ({AGU})},
	volume       = 47,
	number       = 24,
	doi          = {10.1029/2020gl090102}
}

@misc{conagua,
	title        = {
		{Reseña del hurac\'an Hanna del Oc\'eano Atl\'antico (22 al 27 de
		julio de 2020)}
	},
	author       = {CONAGUA},
	year         = 2020,
	url          = {
		https://smn.conagua.gob.mx/tools/DATA/Ciclones%20Tropicales/Ciclones/2020-Hanna.pdf
	},
	note         = {Accessed on Tue, March 07, 2023}
}

@article{Bravo_2002,
	title        = {{Impact of wildfires on the air quality of Mexico City 1992-1999}},
	author       = {
		A.H Bravo and E.R Sosa and A.P S\'anchez and P.M Jaimes and R.M.I
		Saavedra
	},
	year         = 2002,
	journal      = {Environmental Pollution},
	volume       = 117,
	number       = 2,
	pages        = {243--253},
	doi          = {https://doi.org/10.1016/S0269-7491(01)00277-9},
	issn         = {0269-7491}
}

@article{Carbajal_2015,
	title        = {
		{Air Quality Deterioration of Urban Areas Caused by Wildfires in a
		Natural Reservoir Forest of Mexico}
	},
	author       = {
		Noel Carbajal and Luis F. Pineda-Martinez and Flor Bautista Vicente
	},
	year         = 2015,
	journal      = {Advances in Meteorology},
	publisher    = {Hindawi Limited},
	volume       = 2015,
	pages        = {1--13},
	doi          = {10.1155/2015/912946}
}

@misc{web,
	title        = {{MODIS Web}},
	year         = 2021,
	url          = {
		https://modis.gsfc.nasa.gov/gallery/individual.php?db_date=2021-03-30
	},
	note         = {Accessed on Wed, March 08, 2023},
	description  = {
		The Moderate Resolution Imaging Spectroradiometer website that
		houses all central information on the MODIS project
	}
}

@article{Henry2009,
	title        = {{Source region identification using kernel smoothing.}},
	author       = {
		Ronald Henry and Gary A. Norris and Ram Vedantham and Jay R. Turner
	},
	year         = 2009,
	month        = {Jun},
	journal      = {Environmental Science Technology},
	volume       = 43,
	pages        = {4090--7},
	date         = {2009 Jun 1},
	source       = {Environ Sci Technol},
	authors      = {Henry, R and Norris, GA and Vedantham, R and Turner, JR},
	pubmed_id    = 19569335
}

@article{Petit_2017,
	title        = {
		{A user-friendly tool for comprehensive evaluation of the
		geographical origins of atmospheric pollution: Wind and trajectory
		analyses}
	},
	author       = {J.-E. Petit and O. Favez and A. Albinet and F. Canonaco},
	year         = 2017,
	month        = {feb},
	journal      = {Environmental Modelling \& Software},
	publisher    = {Elsevier {BV}},
	volume       = 88,
	pages        = {183--187},
	doi          = {https://doi.org/10.1016/j.envsoft.2016.11.022}
}

@article{Ji_2019,
	title        = {
		{Impact of air pollution control measures and regional transport on
		carbonaceous aerosols in fine particulate matter in urban Beijing
		China: insights gained from long-term measurement}
	},
	author       = {
		Dongsheng Ji and Wenkang Gao and Willy Maenhaut and Jun He and Zhe
		Wang and Jiwei Li and Wupeng Du and Lili Wang and Yang Sun and
		Jinyuan Xin and Bo Hu and Yuesi Wang
	},
	year         = 2019,
	month        = {jul},
	journal      = {Atmospheric Chemistry and Physics},
	publisher    = {Copernicus {GmbH}},
	volume       = 19,
	number       = 13,
	pages        = {8569--8590},
	doi          = {10.5194/acp-19-8569-2019}
}

@misc{mtodos,
	title        = {{aire.nl.gob.mx}},
	year         = 2015,
	url          = {http://aire.nl.gob.mx/nor_metodos.html},
	note         = {Accessed on Fri, March 17, 2023}
}

@misc{dcio,
	title        = {
		{NASA EOS/Aura Validation Data Center (AVDC) - Correlative data,
		Field of View Predictions, Data Subsets, GEOMS, DCIO}
	},
	year         = 2010,
	url          = {https://avdc.gsfc.nasa.gov/pub/most_popular/overpass/OMI/},
	note         = {Accessed on Fri, March 17, 2023},
	description  = {This is the Aura Validation Data Center (AVDC)}
}

@article{Stein_2015,
	title        = {
		{{NOAA}'s {HYSPLIT} Atmospheric Transport and Dispersion Modeling
		System}
	},
	author       = {
		A. F. Stein and R. R. Draxler and G. D. Rolph and B. J. B. Stunder
		and M. D. Cohen and F. Ngan
	},
	year         = 2015,
	month        = {dec},
	journal      = {Bulletin of the American Meteorological Society},
	publisher    = {American Meteorological Society},
	volume       = 96,
	number       = 12,
	pages        = {2059--2077},
	doi          = {10.1175/bams-d-14-00110.1}
}

@article{torres2008,
	title        = {
		{OMI/Aura Near UV Aerosol Optical Depth and Single Scattering
		Albedo L3 1 day 1.0 degree x 1.0 degree V3}
	},
	author       = {Omar O. Torres},
	year         = 2008,
	journal      = {
		NASA Goddard Space Flight Center, Goddard Earth Sciences Data and
		Information Services Center (GES DISC)
	},
	volume       = {10.5067/Aura/OMI/DATA3003}
}

@article{SULAYMON,
	title        = {
		Using the COVID-19 lockdown to identify atmospheric processes and
		meteorology influences on regional PM2.5 pollution episodes in the
		Beijing-Tianjin-Hebei, China
	},
	author       = {
		Ishaq Dimeji Sulaymon and Yuanxun Zhang and Philip K. Hopke and
		Song Guo and Fei Ye and Jinjin Sun and Yanhong Zhu and Jianlin Hu
	},
	year         = 2023,
	journal      = {Atmospheric Research},
	volume       = 294,
	pages        = 106940,
	doi          = {https://doi.org/10.1016/j.atmosres.2023.106940},
	issn         = {0169-8095},
	url          = {
		https://www.sciencedirect.com/science/article/pii/S016980952300337X
	},
	keywords     = {
		Fine particulate matter, Pollution episodes, WRF-CMAQ, Process
		analysis, COVID-19 shutdown
	}
}

@article{Aboagye,
	title        = {
		A bibliometric analysis of the impact of COVID-19 social lockdowns
		on air quality: research trends and future directions
	},
	author       = {
		Emmanuel Mensah Aboagye and Nana Adwoa Anokye Effah and Kwaku Obeng
		Effah
	},
	year         = 2023,
	journal      = {Environmental Science and Pollution Research},
	volume       = 30,
	pages        = {74500--74520},
	doi          = {10.1007/s11356-023-27699-3},
	issn         = {1614-7499},
	url          = {https://doi.org/10.1007/s11356-023-27699-3}
}

@article{Priya,
	title        = {
		Assessment of NO(2) concentrations over industrial state Jharkhand,
		at the time frame of pre, concurrent, and post-COVID-19 lockdown
		along with the meteorological behaviour: an overview from satellite
		and ground approaches
	},
	author       = {Shalini Priya and Jawed Iqbal},
	year         = 2023,
	journal      = {Environmental Science and Pollution Research},
	volume       = 30,
	pages        = {68591--68608},
	doi          = {10.1007/s11356-023-27236-2},
	issn         = {1614-7499},
	url          = {https://doi.org/10.1007/s11356-023-27236-2}
}

@article{ZORAN,
	title        = {
		Peculiar weather patterns effects on air pollution and COVID-19
		spread in Tokyo metropolis
	},
	author       = {
		Maria A. Zoran and Roxana S. Savastru and Dan M. Savastru and
		Marina N. Tautan
	},
	year         = 2023,
	journal      = {Environmental Research},
	volume       = 228,
	pages        = 115907,
	doi          = {https://doi.org/10.1016/j.envres.2023.115907},
	issn         = {0013-9351},
	url          = {
		https://www.sciencedirect.com/science/article/pii/S0013935123006990
	},
	keywords     = {
		COVID-19 disease, Air pollutants: PM2.5, PM10, O, NO, Aerosol
		Optical Depth, Synoptic meteorological circulation, Heat Waves,
		Tokyo
	}
}

@article{Vega_2021,
	title        = {
		{Changes in air quality in Mexico City London and Delhi in response
		to various stages and levels of lockdowns and easing of
		restrictions during {COVID}-19 pandemic}
	},
	author       = {
		E. Vega and A. Namdeo and L. Bramwell and Y. Miquelajauregui and
		C.G. Resendiz-Martinez and M. Jaimes-Palomera and F. Luna-Falfan
		and A. Terrazas-Ahumada and K.J. Maji and J. Entwistle and J.C.
		N{\'{u}}ñez Enr{\'{\i}}quez and J.M. Mejia and A. Portas and L.
		Hayes and R. McNally
	},
	year         = 2021,
	month        = {sep},
	journal      = {Environmental Pollution},
	publisher    = {Elsevier {BV}},
	volume       = 285,
	pages        = 117664,
	doi          = {10.1016/j.envpol.2021.117664}
}
